@article{orlandi2006,
  title={DNS of turbulent channel flows with two-and three-dimensional roughness},
  author={Orlandi, P and Leonardi, S},
  journal={Journal of Turbulence},
  number={7},
  pages={N73},
  year={2006},
  publisher={Taylor \& Francis}
}

@article{coles1956,
  title={The law of the wake in the turbulent boundary layer},
  author={Coles, Donald},
  journal={Journal of Fluid Mechanics},
  volume={1},
  number={02},
  pages={191--226},
  year={1956},
  publisher={Cambridge Univ Press}
}

@inproceedings{fletcher2014,
  title={Hydrodynamics of fossil fishes},
  author={Fletcher, Thomas and Altringham, John and Peakall, Jeffrey and Wignall, Paul and Dorrell, Robert},
  booktitle={Proc. R. Soc. B},
  volume={281},
  number={1788},
  pages={20140703},
  year={2014},
  organization={The Royal Society}
}

@misc{pope2001,
  title={Turbulent flows},
  author={Pope, Stephen B},
  year={2001},
  publisher={IOP Publishing}
}

@book{durbin2007,
  title={Fluid dynamics with a computational perspective},
  author={Durbin, Paul A and Medic, Gorazd},
  year={2007},
  publisher={Cambridge university press}
}

@article{greenshields2010,
  title={Implementation of semi-discrete, non-staggered central schemes in a colocated, polyhedral, finite volume framework, for high-speed viscous flows},
  author={Greenshields, Christopher J and Weller, Henry G and Gasparini, Luca and Reese, Jason M},
  journal={International journal for numerical methods in fluids},
  volume={63},
  number={1},
  pages={1--21},
  year={2010},
  publisher={Wiley Online Library}
}

@article{dean2010,
  title={Shark-skin surfaces for fluid-drag reduction in turbulent flow: a review},
  author={Dean, Brian and Bhushan, Bharat},
  journal={Philosophical Transactions of the Royal Society of London A: Mathematical, Physical and Engineering Sciences},
  volume={368},
  number={1929},
  pages={4775--4806},
  year={2010},
  publisher={The Royal Society}
}

@article{zhang2011a,
  title={Numerical simulation and experimental study of drag-reducing surface of a real shark skin},
  author={Zhang, De-Yuan and Luo, Yue-Hao and Xiang, LI and Chen, Hua-Wei},
  journal={Journal of Hydrodynamics, Ser. B},
  volume={23},
  number={2},
  pages={204--211},
  year={2011},
  publisher={Elsevier}
}

@article{luo2015review,
  title={Recent progress in exploring drag reduction mechanism of real sharkskin surface: A review},
  author={Luo, Yuehao},
  journal={Journal of Mechanics in Medicine and Biology},
  volume={15},
  number={03},
  pages={1530002},
  year={2015},
  publisher={World Scientific}
}

@article{diez2015,
  title={Biological characterization of the skin of shortfin mako shark Isurus oxyrinchus and preliminary study of the hydrodynamic behaviour through computational fluid dynamics},
  author={D{\'\i}ez, G and Soto, M and Blanco, JM},
  journal={Journal of fish biology},
  volume={87},
  number={1},
  pages={123--137},
  year={2015},
  publisher={Wiley Online Library}
}

@article{martin2016a,
  title={Fluid flow analysis of continuous and segmented riblet structures},
  author={Martin, Samuel and Bhushan, Bharat},
  journal={RSC Advances},
  volume={6},
  number={13},
  pages={10962--10978},
  year={2016},
  publisher={Royal Society of Chemistry}
}

@article{jin2015,
  title={Turbulent flow in rough wall channels: Validation of RANS models},
  author={Jin, Y and Herwig, H},
  journal={Computers \& Fluids},
  volume={122},
  pages={34--46},
  year={2015},
  publisher={Elsevier}
}

@article{boomsma2016,
  title={Direct numerical simulation of sharkskin denticles in turbulent channel flow},
  author={Boomsma, A and Sotiropoulos, F},
  journal={Physics of Fluids (1994-present)},
  volume={28},
  number={3},
  pages={035106},
  year={2016},
  publisher={AIP Publishing}
}

@article{bixler2013review,
  title={Fluid Drag Reduction with Shark-Skin Riblet Inspired Microstructured Surfaces},
  author={Bixler, Gregory D and Bhushan, Bharat},
  journal={Advanced Functional Materials},
  volume={23},
  number={36},
  pages={4507--4528},
  year={2013},
  publisher={Wiley Online Library}
}

@article{sagong2008,
  title={Does the sailfish skin reduce the skin friction like the shark skin?},
  author={Sagong, Woong and Kim, Chulkyu and Choi, Sangho and Jeon, Woo-Pyung and Choi, Haecheon},
  journal={Physics of Fluids (1994-present)},
  volume={20},
  number={10},
  pages={101510},
  year={2008},
  publisher={AIP Publishing}
}

@article{nugroho2013,
  title={Large-scale spanwise periodicity in a turbulent boundary layer induced by highly ordered and directional surface roughness},
  author={Nugroho, B and Hutchins, N and Monty, JP},
  journal={International Journal of Heat and Fluid Flow},
  volume={41},
  pages={90--102},
  year={2013},
  publisher={Elsevier}
}

@article{chen2014,
  title={Investigation on large-area fabrication of vivid shark skin with superior surface functions},
  author={Chen, Huawei and Zhang, Xin and Ma, Lingxi and Che, Da and Zhang, Deyuan and Sudarshan, TS},
  journal={Applied Surface Science},
  volume={316},
  pages={124--131},
  year={2014},
  publisher={Elsevier}
}

@article{yuehao2015,
  title={Advances of drag-reducing surface technologies in turbulence based on boundary layer control},
  author={Yuehao, LUO and Liguo, WANG and Green, Lork and Kenan, SONG and Liang, WANG and Smith, Robert},
  journal={Journal of Hydrodynamics, Ser. B},
  volume={27},
  number={4},
  pages={473--487},
  year={2015},
  publisher={Elsevier}
}

@article{lang2008,
  title={Bristled shark skin: a microgeometry for boundary layer control?},
  author={Lang, AW and Motta, P and Hidalgo, P and Westcott, M},
  journal={Bioinspiration \& biomimetics},
  volume={3},
  number={4},
  pages={046005},
  year={2008},
  publisher={IOP Publishing}
}

@article{lang2014,
  title={Movable shark scales act as a passive dynamic micro-roughness to control flow separation},
  author={Lang, Amy W and Bradshaw, Michael T and Smith, Jonathon A and Wheelus, Jennifer N and Motta, Philip J and Habegger, Maria L and Hueter, Robert E},
  journal={Bioinspiration \& biomimetics},
  volume={9},
  number={3},
  pages={036017},
  year={2014},
  publisher={IOP Publishing}
}

@phdthesis{boomsma2015,
  title={Drag Reduction by Riblets \& Sharkskin Denticles: A Numerical Study},
  author={Boomsma, Aaron},
  year={2015},
  school={UNIVERSITY OF MINNESOTA}
}

@article{bechert1997,
  title={Experiments on drag-reducing surfaces and their optimization with an adjustable geometry},
  author={Bechert, DW and Bruse, M and Hage, W and Van der Hoeven, JG Th and Hoppe, G},
  journal={Journal of fluid mechanics},
  volume={338},
  pages={59--87},
  year={1997},
  publisher={Cambridge Univ Press}
}

@article{bechert2000,
  title={Experiments with three-dimensional riblets as an idealized model of shark skin},
  author={Bechert, DW and Bruse, M and Hage, W},
  journal={Experiments in fluids},
  volume={28},
  number={5},
  pages={403--412},
  year={2000},
  publisher={Springer}
}

@article{zhao2012,
  title={Vacuum casting replication of micro-riblets on shark skin for drag-reducing applications},
  author={Zhao, Dan-Yang and Huang, Zhi-Ping and Wang, Min-Jie and Wang, Tao and Jin, Yifei},
  journal={Journal of Materials Processing Technology},
  volume={212},
  number={1},
  pages={198--202},
  year={2012},
  publisher={Elsevier}
}

@article{jung2009,
  title={Biomimetic structures for fluid drag reduction in laminar and turbulent flows},
  author={Jung, Yong Chae and Bhushan, Bharat},
  journal={Journal of Physics: Condensed Matter},
  volume={22},
  number={3},
  pages={035104},
  year={2009},
  publisher={IOP Publishing}
}

@article{rohr1992,
  title={A comparison of the drag-reducing benefits of riblets in internal and external flows},
  author={Rohr, JJ and Andersen, GW and Reidy, LW and Hendricks, EW},
  journal={Experiments in fluids},
  volume={13},
  number={6},
  pages={361--368},
  year={1992},
  publisher={Springer}
}

@article{bixler2013b,
  title={Shark skin inspired low-drag microstructured surfaces in closed channel flow},
  author={Bixler, Gregory D and Bhushan, Bharat},
  journal={Journal of colloid and interface science},
  volume={393},
  pages={384--396},
  year={2013},
  publisher={Elsevier}
}

@article{chu1993,
  title={A direct numerical simulation of laminar and turbulent flow over riblet-mounted surfaces},
  author={Chu, Douglas C and Karniadakis, George Em},
  journal={Journal of Fluid Mechanics},
  volume={250},
  pages={1--42},
  year={1993},
  publisher={Cambridge Univ Press}
}

@article{choi1993,
  title={Direct numerical simulation of turbulent flow over riblets},
  author={Choi, Haecheon and Moin, Parviz and Kim, John},
  journal={Journal of fluid mechanics},
  volume={255},
  pages={503--539},
  year={1993},
  publisher={Cambridge Univ Press}
}

@article{goldstein1995,
  title={Direct numerical simulation of turbulent flow over a modelled riblet-covered surface},
  author={Goldstein, D and Handler, R and Sirovich, L},
  journal={Journal of Fluid Mechanics},
  volume={302},
  number={10},
  pages={333--376},
  year={1995},
  publisher={Cambridge Univ Press}
}

@article{lee2008,
  title={Decrement of spanwise vortices by a drag-reducing riblet surface},
  author={Lee, Sang-Joon and Choi, Yong-Seok},
  journal={Journal of Turbulence},
  number={9},
  pages={N23},
  year={2008},
  publisher={Taylor \& Francis}
}

@article{lee2001,
  title={Flow field analysis of a turbulent boundary layer over a riblet surface},
  author={Lee, S-J and Lee, S-H},
  journal={Experiments in fluids},
  volume={30},
  number={2},
  pages={153--166},
  year={2001},
  publisher={Springer}
}

@article{walsh1980,
  title={Drag characteristics of V-groove and transverse curvature riblets},
  author={Walsh, Michael J},
  year={1980}
}

@inproceedings{walsh1982,
  title={Turbulent boundary layer drag reduction using riblets},
  author={Walsh, Michael J},
  booktitle={AIAA, Aerospace sciences meeting},
  volume={1},
  year={1982}
}

@incollection{wilkinson1988,
  title={Direct drag and hot-wire measurements on thin-element riblet arrays},
  author={Wilkinson, SP and Lazos, BS},
  booktitle={Turbulence Management and Relaminarisation},
  pages={121--131},
  year={1988},
  publisher={Springer}
}

@article{martin2016b,
  title={Modeling and optimization of shark-inspired riblet geometries for low drag applications},
  author={Martin, Samuel and Bhushan, Bharat},
  journal={Journal of colloid and interface science},
  volume={474},
  pages={206--215},
  year={2016},
  publisher={Elsevier}
}

@article{reidy1988,
  title={Drag reduction for external and internal boundary layers using riblets and polymers},
  author={Reidy, Laurel W and Anderson, Greg W},
  journal={AIAA Pap},
  number={88-0138},
  year={1988}
}

@article{walsh1990,
  title={Effect of detailed surface geometry on riblet drag reduction performance},
  author={Walsh, Michael J},
  journal={Journal of Aircraft},
  volume={27},
  number={6},
  pages={572--573},
  year={1990}
}

@article{neumann1991,
  title={Drag measurements on V-grooved surfaces on a body of revolution in axial flow},
  author={Neumann, D and Dinkelacker, A},
  journal={Applied Scientific Research},
  volume={48},
  number={1},
  pages={105--114},
  year={1991},
  publisher={Springer}
}

@article{buttner2011,
  title={Shark skin inspired riblet structures as aerodynamically optimized high temperature coatings for blades of aeroengines},
  author={B{\"u}ttner, Claudia C and Schulz, Uwe},
  journal={Smart Materials and Structures},
  volume={20},
  number={9},
  pages={094016},
  year={2011},
  publisher={IOP Publishing}
}

@article{gruneberger2011,
  title={Drag characteristics of longitudinal and transverse riblets at low dimensionless spacings},
  author={Gr{\"u}neberger, Ren{\'e} and Hage, Wolfram},
  journal={Experiments in Fluids},
  volume={50},
  number={2},
  pages={363--373},
  year={2011},
  publisher={Springer}
}

@article{bixler2013c,
  title={Bioinspired micro/nanostructured surfaces for oil drag reduction in closed channel flow},
  author={Bixler, Gregory D and Bhushan, Bharat},
  journal={Soft Matter},
  volume={9},
  number={5},
  pages={1620--1635},
  year={2013},
  publisher={Royal Society of Chemistry}
}

@article{nitschke1984,
  title={Experimental investigation of turbulent flow in smooth and longitudinal grooved tubes},
  author={Nitschke, P},
  year={1984}
}

@article{enyutin1995,
  title={Drag reduction in riblet-lined pipes},
  author={Enyutin, GV and Lashkov, Yu A and Samoilova, NV},
  journal={Fluid dynamics},
  volume={30},
  number={1},
  pages={45--48},
  year={1995},
  publisher={Springer}
}

@inproceedings{han2003,
  title={Fabrication of a micro-riblet film and drag reduction effects on curved objects},
  author={Han, Manhee and Lim, Hee Chang and Jang, Y-G and Lee, Seung S and Lee, Sang-Joon},
  booktitle={TRANSDUCERS, Solid-State Sensors, Actuators and Microsystems, 12th International Conference on, 2003},
  volume={1},
  pages={396--399},
  year={2003},
  organization={IEEE}
}

@article{caram1991,
  title={Effect of Riblets on Turbulence in the Wake of an Airfoil},
  author={Caram, JM and Ahmed, A},
  journal={AIAA journal},
  volume={29},
  number={11},
  pages={1769--1770},
  year={1991}
}

@article{sundaram1999,
  title={Viscous drag reduction using riblets on a swept wing},
  author={Sundaram, S and Viswanath, P and Subaschandar, N},
  journal={AIAA journal},
  volume={37},
  number={7},
  pages={851--856},
  year={1999}
}

@article{sundaram1996,
  title={Viscous drag reduction using riblets on NACA 0012 airfoil to moderate incidence},
  author={Sundaram, S and Viswanath, PR and Rudrakumar, S},
  journal={AIAA journal},
  volume={34},
  number={4},
  pages={676--682},
  year={1996}
}

@article{subaschandar1999,
  title={Drag reduction due to riblets on a GAW (2) airfoil},
  author={Subaschandar, N and Kumar, Rajeev and Sundaram, S},
  journal={Journal of aircraft},
  volume={36},
  number={5},
  pages={890--892},
  year={1999}
}

@article{wetzel1996,
  title={INTERACTION OF RIBLETS AND VOTEX GENERATORS ON AN AIRFOIL},
  author={Wetzel, Kyle K and Farokhi, Saeed},
  year={1996}
}

@inproceedings{sareen2011,
  title={Paper\# AIAA-2011-558},
  author={Sareen, A and Deters, RW and Henry, SP and Selig, MS},
  booktitle={49th AIAA Aerospace Sciences Meeting, AIAA, Orlando, FL, New York},
  year={2011}
}

@article{viswanath1995,
  title={Turbulent drag reduction using riblets on a supercritical airfoil at transonic speeds},
  author={Viswanath, PR and Mukund, R},
  journal={AIAA journal},
  volume={33},
  number={5},
  pages={945--947},
  year={1995}
}

@incollection{coustols1990,
  title={Synthesis of experimental riblet studies in transonic conditions},
  author={Coustols, E and Schmitt, V},
  booktitle={Turbulence Control by Passive Means},
  pages={123--140},
  year={1990},
  publisher={Springer}
}

@article{strand2011,
  title={Direct numerical simulations of riblets to constrain the growth of turbulent spots},
  author={Strand, James S and Goldstein, David B},
  journal={Journal of Fluid Mechanics},
  volume={668},
  pages={267--292},
  year={2011},
  publisher={Cambridge Univ Press}
}

@book{reif1985,
  title={Squamation and ecology of sharks},
  author={Reif, Wolf-Ernst},
  year={1985},
  publisher={Senckenbergische Naturforschende Gesellschaft}
}

@article{zhang2011b,
  title={High-precision bio-replication of synthetic drag reduction shark skin},
  author={Zhang, DeYuan and Li, YuanYue and Han, Xin and Li, Xiang and Chen, HuaWei},
  journal={Chinese Science Bulletin},
  volume={56},
  number={9},
  pages={938--944},
  year={2011},
  publisher={Springer}
}

@article{oeffner2012,
  title={The hydrodynamic function of shark skin and two biomimetic applications},
  author={Oeffner, Johannes and Lauder, George V},
  journal={Journal of Experimental Biology},
  volume={215},
  number={5},
  pages={785--795},
  year={2012},
  publisher={The Company of Biologists Ltd}
}

@phdthesis{fletcher2014phd,
  title={The Evolution of Speed: an empirical and comparative analysis of drag-reducing scales in early fishes},
  author={Fletcher, Thomas M},
  year={2015},
  school={University of Leeds}
}

@article{lang2011,
  title={Shark skin separation control mechanisms},
  author={Lang, Amy and Motta, Philip and Habegger, Maria Laura and Hueter, Robert and Afroz, Farhana},
  journal={Marine Technology Society Journal},
  volume={45},
  number={4},
  pages={208--215},
  year={2011},
  publisher={Marine Technology Society}
}

@article{wen2014,
  title={Biomimetic shark skin: design, fabrication and hydrodynamic function},
  author={Wen, Li and Weaver, James C and Lauder, George V},
  journal={Journal of Experimental Biology},
  volume={217},
  number={10},
  pages={1656--1666},
  year={2014},
  publisher={The Company of Biologists Ltd}
}

@article{motta2012,
  title={Scale morphology and flexibility in the shortfin mako Isurus oxyrinchus and the blacktip shark Carcharhinus limbatus},
  author={Motta, Philip and Habegger, Maria Laura and Lang, Amy and Hueter, Robert and Davis, Jessica},
  journal={Journal of morphology},
  volume={273},
  number={10},
  pages={1096--1110},
  year={2012},
  publisher={Wiley Online Library}
}

@article{luo2015,
  title={Experimental Investigations on Manufacturing Different-Shaped Bio-Inspired Drag-Reducing Morphologies and Hydrodynamic Testing},
  author={Luo, Y and Wang, J and Sun, G and Li, X and Liu, Y},
  journal={Experimental Techniques},
  year={2015},
  publisher={Wiley Online Library}
}

@article{raschi1986,
  title={Hydrodynamic aspects of shark scales},
  author={Raschi, William G and Musick, John A},
  year={1986}
}

@article{wen2015,
  title={Hydrodynamic function of biomimetic shark skin: effect of denticle pattern and spacing},
  author={Wen, Li and Weaver, James C and Thornycroft, Patrick JM and Lauder, George V},
  journal={Bioinspiration \& Biomimetics},
  volume={10},
  number={6},
  pages={066010},
  year={2015},
  publisher={IOP Publishing}
}

@inproceedings{bechert1985,
  title={On the drag reduction of the shark skin},
  author={Bechert, DW and Hoppe, G and Reif, W-E},
  booktitle={1985 AIAA Shear Flow Control Conference},
  year={1985}
}

@article{luo2015b,
  title={Improvement of water-repellent and hydrodynamic drag reduction properties on bio-inspired surface and exploring sharkskin effect mechanism},
  author={Luo, Yuehao and Liu, Yufei and Anderson, James and Li, Xiang and Li, Yuanyue},
  journal={Applied Physics A},
  volume={120},
  number={1},
  pages={369--377},
  year={2015},
  publisher={Springer}
}

@article{kim1987,
  title={Turbulence statistics in fully developed channel flow at low Reynolds number},
  author={Kim, John and Moin, Parviz and Moser, Robert},
  journal={Journal of fluid mechanics},
  volume={177},
  pages={133--166},
  year={1987},
  publisher={Cambridge Univ Press}
}

@article{eckelmann1974,
  title={The structure of the viscous sublayer and the adjacent wall region in a turbulent channel flow},
  author={Eckelmann, Helmut},
  journal={Journal of fluid Mechanics},
  volume={65},
  number={03},
  pages={439--459},
  year={1974},
  publisher={Cambridge Univ Press}
}

@article{vreman2014,
  title={Comparison of direct numerical simulation databases of turbulent channel flow at Re$\tau$= 180},
  author={Vreman, AW and Kuerten, JGM},
  journal={Physics of Fluids (1994-present)},
  volume={26},
  number={1},
  pages={015102},
  year={2014},
  publisher={AIP Publishing}
}

@article{smagorinsky1963,
  title={General circulation experiments with the primitive equations: I. the basic experiment*},
  author={Smagorinsky, Joseph},
  journal={Monthly weather review},
  volume={91},
  number={3},
  pages={99--164},
  year={1963}
}

@article{germano1991,
  title={A dynamic subgrid-scale eddy viscosity model},
  author={Germano, Massimo and Piomelli, Ugo and Moin, Parviz and Cabot, William H},
  journal={Physics of Fluids A: Fluid Dynamics (1989-1993)},
  volume={3},
  number={7},
  pages={1760--1765},
  year={1991},
  publisher={AIP Publishing}
}

@article{meneveau1996,
  title={A Lagrangian dynamic subgrid-scale model of turbulence},
  author={Meneveau, Charles and Lund, Thomas S and Cabot, William H},
  journal={Journal of Fluid Mechanics},
  volume={319},
  pages={353--385},
  year={1996},
  publisher={Cambridge Univ Press}
}

@article{moser1999,
  title={Direct numerical simulation of turbulent channel flow up to Re= 590},
  author={Moser, Robert D and Kim, John and Mansour, Nagi N},
  journal={Phys. Fluids},
  volume={11},
  number={4},
  pages={943--945},
  year={1999}
}

@article{issa1986,
  title={Solution of the implicitly discretised fluid flow equations by operator-splitting},
  author={Issa, Raad I},
  journal={Journal of computational physics},
  volume={62},
  number={1},
  pages={40--65},
  year={1986},
  publisher={Elsevier}
}

@article{murthy1997,
  title={Periodic flow and heat transfer using unstructured meshes},
  author={Murthy, JY and Mathur, S},
  journal={International journal for numerical methods in fluids},
  volume={25},
  number={6},
  pages={659--677},
  year={1997},
  publisher={Wiley Online Library}
}

@book{berselli2005,
  title={Mathematics of large eddy simulation of turbulent flows},
  author={Berselli, Luigi and Iliescu, Traian and Layton, William J},
  year={2005},
  publisher={Springer Science \& Business Media}
}

@article{perlin2016,
  title={Freeman Scholar Review: Passive and Active Skin-Friction Drag Reduction in Turbulent Boundary Layers},
  author={Perlin, Marc and Dowling, David R and Ceccio, Steven L},
  journal={Journal of Fluids Engineering},
  volume={138},
  number={9},
  pages={091104},
  year={2016},
  publisher={American Society of Mechanical Engineers}
}
